<?xml version="1.0" encoding="UTF-8"?>
<collection xmlns:xsi="http://www.w3.org/2001/XMLSchema-instance" xsi:schemaLocation="http://www.loc.gov/MARC21/slim http://www.loc.gov/standards/marcxml/schema/MARC21slim.xsd" xmlns="http://www.loc.gov/MARC21/slim">
<record>
  <leader>01054cam a22002051  4500</leader>
  <controlfield tag="001">3063597</controlfield>
  <controlfield tag="003">NNC</controlfield>
  <controlfield tag="005">20151019143157.0</controlfield>
  <controlfield tag="008">010810m18951896ua            000 0 ara d</controlfield>
  <datafield tag="035" ind1=" " ind2=" ">
    <subfield code="a">(OCoLC)ocm47760710</subfield>
  </datafield>
  <datafield tag="035" ind1=" " ind2=" ">
    <subfield code="9">ATN5405CU</subfield>
  </datafield>
  <datafield tag="035" ind1=" " ind2=" ">
    <subfield code="a">(NNC)3063597</subfield>
  </datafield>
  <datafield tag="035" ind1=" " ind2=" ">
    <subfield code="a">3063597</subfield>
  </datafield>
  <datafield tag="040" ind1=" " ind2=" ">
    <subfield code="a">ZCU</subfield>
    <subfield code="c">ZCU</subfield>
  </datafield>
  <datafield tag="099" ind1=" " ind2=" ">
    <subfield code="a">893.7991</subfield>
    <subfield code="a">Si13</subfield>
  </datafield>
  <datafield tag="100" ind1="1" ind2=" ">
    <subfield code="a">Siddīqī al-Baghdādī, ʻAbd-Allāh ʻAlāʼ-al-dīn al-,</subfield>
    <subfield code="c">of Delhi,</subfield>
    <subfield code="d">active 19th century.</subfield>
  </datafield>
  <datafield tag="245" ind1="1" ind2="0">
    <subfield code="a">Kitāb al-Durrah al-sanīyah fī al-radd ʻalá al-māddīyah wa-ithbāt al-nawāmīs al-sharʻīyah fī al-adillah al-ʻaqlīyah,</subfield>
    <subfield code="c">taʾlīf ʻAbd-Allāh ʻAlāʾ-al-Dīn al-Baghdādī al-Dihlawī al-Ṣiddīqī al-Ḥanafī. Wa-qad ḥulliya hāmishuhū bikitābain jalīlain: aḥaduhumā, Masālik al-ʻirfān fī futūḥ al-Raḥmān; wa-al-thānī, al-Inṣāf fī-rafʻ al-iʻtisāf; wa-kilāhumā min taʾlīf al-muʾallif al-madhkūr.</subfield>
  </datafield>
  <datafield tag="260" ind1=" " ind2=" ">
    <subfield code="a">Miṣr,</subfield>
    <subfield code="b">al-Maṭb. al-ʻUmūmīyah,</subfield>
    <subfield code="c">1313 [1895/96]</subfield>
  </datafield>
  <datafield tag="300" ind1=" " ind2=" ">
    <subfield code="a">192 p.</subfield>
  </datafield>
  <datafield tag="955" ind1=" " ind2=" ">
    <subfield code="b">CU10163816</subfield>
    <subfield code="d">off,glx</subfield>
    <subfield code="e">893.7991 Si13</subfield>
  </datafield>
</record>
</collection>